@book{Curry-Howard,
    author = "Morten Heine B. Sørensen and Pawel Urzyczyn",
    title = "Lectures on the Curry-Howard Isomorphism",
    publisher = "Elsevier Science",
    year = "2006",
    month = "July",
    series = "Studies in Logic and the Foundations of Mathematics",
    volume = "149",
    edition = "1",
}

@article{Curry-Howard-Scheme,
    author = "Timothy G. Griffin",
    title = "A Formulae-as-Types Notion of Control",
    journal = "POPL '90: Proceedings of the 17th ACM SIGPLAN-SIGACT symposium on Principles of programming languages",
    year = "1989",
    month = "December"
}

@article{von-Neumann-universe,
    title = "von Neumann Universe: A Perspective",
    author = "D. Singh and J. N. Singh",
    journal = "International Journal of Contemporary Mathematical Sciences",
    number = "no. 10",
    volume = "Vol. 2",
    year = "2007",
    pages = "475 - 478"
}

@book{homotopy-type-theory,
    title = "Homotopy Type Theory: Univalent Foundations of Mathematics",
    author = "The Univalent Foundations Program",
    year = "2013",
    note = {(This is a live updating book written by a bunch of people 
            \url{https://github.com/HoTT/book} and is freely available 
            at \url{https://homotopytypetheory.org/book/})}
}

@article{univalence,
    title = "Univalence as a principle of logic",
    author = "Steve Awodey",
    journal = "Indagationes Mathematicae",
    volume = "Volume 29",
    number = "issue 6",
    month = "December",
    year = "2018",
    pages = "1497-1510"
}

@unpublished{intuitionistic-type-theory,
    author = "Per Martin Lof",
    title = "Intuitionistic Type Theory",
    year = "1980",
    month = "June",
    note = "(Notes by Giovanni Sambin of a series of lectures)"
}

@book{Introduction-to-higher-order-categorical-logic,
    author = "Joachim Lambek and P. J Scott",
    title = "Introduction to higher order categorical logic",
    publisher = "Cambridge Cambridgeshire, England; New York:Cambridge University Press",
    year = "c1986",
    series = "Cambridge studies in advanced mathematics",
    volume = "7",
}

@book{categorical-logic-and-type-theory,
    author = "Bart Jacobs",
    title = "Categorical Logic and Type Theory",
    publisher = "Elsevier Science",
    year = "1998",
    series = "Studies in Logic and the Foundations of Mathematics",
    volume = "141",
}

@misc{coq,
    title = {Coq, a formal language allowing you to write mathematical proof},
    note = {\url{https://coq.inria.fr/about-coq}},
}

@article {the-essence-of-functional-programming,
    title = "The essence of functional programming",
    author = "Philip Wadler",
    publisher = "Association for Computing Machinery, New York, NY, United States",
    journal = "POPL92: 19th ACM Symposium on Principles of Programming Languages",
    year = "1992",
    month = "January"
}

@misc{SF,
    title = "Software foundations",
    note = {I'd like to call this an `interactive' book: \url{https://softwarefoundations.cis.upenn.edu/current/index.html}},
}

@article {lambda-mu-calculus,
    title = {$\lambda\mu$-CALCULUS: AN ALGORITHMIC INTERPRETATION OF CLASSICAL NATURAL
DEDUCTION},
    author = "Michel Parigot",
    publisher = "Springer, Berlin, Heidelberg",
    journal = "Lecture Notes in Computer Science (Lecture Notes in Artificial Intelligence)",
    volume = "Vol. 624",
    year = "2005",
    month = "June"
}

@article{the-paradox-of-trees-in-type-theory,
    author = {Coquand, Thierry},
    year = {1992},
    month = {03},
    pages = {10-14},
    title = {The paradox of trees in type theory},
    volume = {32},
    journal = {BIT},
    doi = {10.1007/BF01995104}
}


@book{cat-awodey, 
    author = {Awodey, Steve}, 
    title = {Category Theory}, 
    year = {2010}, 
    isbn = {0199237182}, 
    publisher = {Oxford University Press, Inc.}, 
    address = {USA}, 
    edition = {2nd} 
}

@book{topology-and-groupoids,
  author         = {Ronald Brown},
  title          = {Topology and Groupoids},
  publisher      = {BookSurge Publishing},
  year           = {2006},
  month          = {February},
}

@article{a-syntatical-approach-to-weak-infinity-groupoids,
    author = {Altenkirch, Thorsten and Rypacek, Ondrej},
    year = {2012},
    month = {01},
    pages = {},
    title = {A syntactical approach to weak $\omega$-Groupoids},
    volume = {16},
    journal = {Leibniz International Proceedings in Informatics, LIPIcs},
    doi = {10.4230/LIPIcs.CSL.2012.16}
}

@article{types-are-weak-groupoids,
    author = {van den Berg, Benno and Garner, Richard},
    year = {2008},
    month = {12},
    pages = {},
    title = {Types are $weak$-groupoids},
    volume = {2},
    journal = {Proceedings of the London Mathematical Society. Third Series},
    doi = {10.1112/plms/pdq026}
}

@article{pattern-matching-without-K, 
    author = {Cockx, Jesper and Devriese, Dominique and Piessens, Frank}, 
    title = {Pattern Matching without K}, 
    year = {2014}, 
    issue_date = {September 2014}, 
    publisher = {Association for Computing Machinery}, 
    address = {New York, NY, USA}, 
    volume = {49}, 
    number = {9}, 
    issn = {0362-1340}, 
    url = {https://doi.org/10.1145/2692915.2628139}, 
    doi = {10.1145/2692915.2628139}, 
    journal = {SIGPLAN Not.}, 
    month = aug, 
    pages = {257–268}, 
    numpages = {12}, 
    keywords = {homotopy type theory, k axiom, agda, dependent pattern matching} 
}

@INPROCEEDINGS{the-groupoid-Interpretation-of-type-theory,
    author = {Martin Hofmann and Thomas Streicher},
    title = {The Groupoid Interpretation of Type Theory},
    booktitle = {In Venice Festschrift},
    year = {1996},
    pages = {83--111},
    publisher = {Oxford University Press}
}

@article{joyal2014categorical,
  title={Categorical homotopy type theory},
  author={Joyal, Andr{\'e}},
  journal={Slides from a talk at MIT dated},
  volume={17},
  year={2014}
}

@article{reddy1995monads,
  title={Monads and Algebras-An Introduction},
  author={Reddy, Uday S},
  year={1995}
}

@article{jacobs1997tutorial,
  title={A tutorial on (co) algebras and (co) induction},
  author={Jacobs, Bart and Rutten, Jan},
  journal={Bulletin-European Association for Theoretical Computer Science},
  volume={62},
  pages={222--259},
  year={1997},
  publisher={Citeseer}
}

@article{glivenko1929quelques,
  title={Sur quelques points de la logique de M. Brouwer},
  author={Glivenko, Valery},
  journal={Bulletins de la classe des sciences},
  volume={15},
  number={5},
  pages={183--188},
  year={1929}
}

@book{simmons2011introduction,
  title={An introduction to category theory},
  author={Simmons, Harold},
  year={2011},
  publisher={Cambridge University Press}
}